@String{pub-AW          = "Ad{\-d}i{\-s}on-Wes{\-l}ey"}
@String{pub-AW:adr      = "Reading, MA, USA"}

@misc{zhong2019knowledgeenriched,
    title={Knowledge-Enriched Transformer for Emotion Detection in Textual Conversations},
    author={Peixiang Zhong and Di Wang and Chunyan Miao},
    year={2019},
    eprint={1909.10681},
    archivePrefix={arXiv},
    primaryClass={cs.CL}
}